<record xmlns:xsi="http://www.w3.org/2001/XMLSchema-instance" xmlns="http://www.loc.gov/MARC21/slim" xsi:schemaLocation="http://www.loc.gov/MARC21/slim http://www.loc.gov/standards/marcxml/schema/MARC21slim.xsd">

  <leader>01571nab a2200169   4500</leader>
  <controlfield tag="005">20160317163651.0</controlfield>
  <controlfield tag="008">150706b2001    cr f|||| |||| 00| 0 spa d</controlfield>
  <datafield ind2=" " ind1=" " tag="090">
    <subfield code="a">REVIS 06.02.01</subfield>
  </datafield>
  <datafield ind2=" " ind1="1" tag="100">
    <subfield code="9">129</subfield>
    <subfield code="a">Mora Vargas, Ana Isabel</subfield>
  </datafield>
  <datafield ind2="4" ind1="1" tag="245">
    <subfield code="a">Los contenidos curriculares del plan de estudios: una propuesta para su organización y estructura /</subfield>
    <subfield code="c">Ana Isabel Mora Vargas</subfield>
  </datafield>
  <datafield tag="260" ind1=" " ind2=" ">
    <subfield code="a">San José, Costa Rica :</subfield>
    <subfield code="b">Editorial Universidad de Costa Rica,</subfield>
    <subfield code="c">2001</subfield>
  </datafield>
  <datafield tag="300" ind2=" " ind1=" ">
    <subfield code="a">páginas 147-156</subfield>
  </datafield>
  <datafield tag="520" ind2=" " ind1=" ">
    <subfield code="a">La propuesta para organizar y estructurar el el contenido curricular de los planes de estudio, se genera de la información recopilada, mediante técnicas cualitativas, acerca de la experiencia o de los docentes, estudiantes y profesionales en servicio que participaron como informantes del estudio. Ésta se enmarca dentro de una concepción curricular holística que enfatiza  la transmisión de la información de forma integrada y de manera participativa y dinámica, propiciando la construcción de conocimientos. Los lineamientos metodológicos se presentan en dos apartados: la organización de los contenidos programáticos que aborda los ejes, las líneas curriculares y los criterios para organizar el contenido y, en el segundo apartado, estructura de los contenidos del plan de estudios se organiza la información en dos áreas académica y personal</subfield>
  </datafield>
  <datafield ind2="4" ind1="1" tag="650">
    <subfield code="9">1</subfield>
    <subfield code="a">EDUCACIÓN</subfield>
  </datafield>
  <datafield tag="773" ind2=" " ind1="0">
    <subfield code="d">San José, Costa Rica : Editorial de la Universidad de Costa Rica, 1997-</subfield>
    <subfield code="o">R0189</subfield>
    <subfield code="t">EDUCACIÓN: Revista de la Universidad de Costa Rica</subfield>
    <subfield code="g">Vol.25, no.2  (2001)</subfield>
  </datafield>
  <datafield tag="942" ind1=" " ind2=" ">
    <subfield code="2">z</subfield>
    <subfield code="c">10</subfield>
  </datafield>
  <datafield ind2=" " ind1=" " tag="999">
    <subfield code="c">2736</subfield>
    <subfield code="d">2736</subfield>
  </datafield>
</record>